@Article{Saito2008,
	author = {},
	title = {},
	journal = {},
	year = {}
}
@InProceedings{Loubet2017,
	author = {},
	title = {},
	booktitle = {},
	year = {}
}
@InProceedings{Rozeau2016,
	author = {},
	title = {},
	booktitle = {},
	year = {}
}
@Article{Hong2017,
	author = {S.-M. Hong and J. Park},
	title = {{Substrate partitioning scheme for compact charge modeling of multiage MOSFETs}},
	journal = {IEEE Journal of the Electron Devices Society},
	year = {2017, 10.1109/JEDS.2017/2682263},
	volume = 5,
	number = 3,
	pages = {149-156}
}
@Article{Fischetti2001a,
	author = {M. V. Fischetti},
	title = {{Long-range Coulomb interactions in small Si devices. Part II. Effective electron mobility in thin-oxide structures}},
	journal = {Journal of Applied Physics},
	year = {2001, doi: 10.1063/1.1332424},
	volume = 89,
	pages = {1232-1250}
}
@Article{Dahl1977,
	author = {D. A. Dahl and L. J. Shan},
	title = {{Electrodynamics of quasi-two-dimensional electrons}},
	journal = {Physical Review B},
	year = {1977, doi: 10.1103/PhysRevB.16.651},
	volume = 16,
	pages = {651-661}
}
@Article{Sano2011,
	author = {N. Sano},
	title = {{Impact of the Coulomb interaction on nano-scale silicon device characteristics}},
	journal = {Journal of Computational Electronics},
	year = {2011, doi: 10.1007/s10825-010-0327-6},
	volume = 10,
	pages = {98-103}
}
@Article{Fischetti2001,
	author = {M. V. Fischetti and S. E. Laux},
	title = {{Long-range Coulomb interactions in small Si devices. Part I: Performance and reliability}},
	journal = {Journal of Applied Physics},
	year = {2001, doi: 10.1063/1.1332423},
	volume = 89,
	pages = {1205-1231}
}
@Article{Rahmat1996,
	author = {K. Rahmat and J. White and D. A. Antoniadis},
	title = {{Simulation of semiconductor devices using a Galerkin/spherical harmonic expansion approach to solving the coupled Poisson-Boltzmann system}},
	journal = {IEEE Transactions on Computer-Aided Design of Integrated Circuits and Systems},
	year = {1996, doi: 10.1109/43.541439},
	volume = 15,
	number = 10,
	pages = {1181-1196},
	month = {October}
}
@Book{Fischetti2016,
	author = {M. V. Fischetti and W. G. Vandenberghe},
	editor = {},
	title = {{Advanced physics of electron transport in semiconductors and nanostructures}},
	publisher = {Springer International Publishing Switzerland},
	year = {2016, doi: 10.1007/978-3-319-01101-1}
}
@InProceedings{Laux1997,
	author = {S. E. Laux and M. V. Fischetti},
	title = {{Monte Carlo study of velocity overshoot in switching a 0.1-micron CMOS inverter}},
	booktitle = {1997 International Electron Device Meeting},
	year = 1997,
	pages = {877-890, doi: 10.1109/IEDM.1997.650521}
}
@InProceedings{Tiwari1990,
	author = {S. Tiwari and M. V. Fischetti and S. E. Laux},
	title = {{Overshoot in transient and steady-state in GaAs, InP, Ga.47In.53As and InAs bipolar transistors}},
	booktitle = {1990 International Electron Device Meeting},
	year = 1990,
	pages = {435-438, doi: 10.1109/IEDM.1990.237074}
}
@Article{Grasser2003,
	author = {Tibor Grasser and Ting-Wei Tang and Hans Kosina and Siegfried Selberherr},
	title = {{A review of hydrodynamic and energy-transport models for semiconductor device simulation}},
	journal = {Proceedings of the IEEE},
	year = {2003, doi: 10.1109/JPROC.2002.808150},
	volume = 91,
	number = 2,
	pages = {251-274},
	month = {February}
}
@Article{Brachtendorf2013,
	author = {Hans Georg Brachtendorf and Kai Bittner},
	title = {{Grid size adapted multistep methods for high $Q$ oscillators}},
	journal = {IEEE Transactions on Computer-Aided Design of Integrated Circuits and Systems},
	year = {2013, doi: 10.1109/TCAD.2013.2269800},
	volume = 32,
	number = 11,
	pages = {1682-1693},
	month = {November}
}
@Article{Kargar2016,
	author = {Zeinab Kargar and Tobias Linn and Dino Rui\'c and Christoph Jungemann},
	title = {{Investigation of transport modeling for plasma waves in {THz} devices}},
	journal = {IEEE Transactions on Electron Devices},
	year = {2016, doi: 10.1109/TED.2016.2608422},
	volume = 63,
	number = 11,
	pages = {4402-4408},
	month = {September}
}
@Article{Dyakonov1993,
	author = {Michael Dyakonov and Michael Shur},
	title = {{Shallow water analogy for a ballistic field effect transistor: New mechanism of plasma wave generation by dc current}},
	journal = {Physical Review Letters},
	year = {1993, 10.1103/PhysRevLett.71.2465},
	volume = 71,
	pages = {2465-2468},
	month = {October},
	number = 15
}
@Article{Dyakonov1996,
	author = {M. Dyakonov and M. Shur},
	title = {{Detection, mixing, and frequency multiplication of terahertz radiation by two-dimensional electronic fluid}},
	journal = {IEEE Transactions on Electron Devices},
	year = {1996, doi: 10.1109/16.485650},
	volume = 43,
	number = 3,
	pages = {380-387},
	month = {March}
}
@Article{Jungemann2017,
	author = {C. Jungemann and T. Linn and K. Bittner and H.-G. Brachtendorf},
	title = {Numerical investigation of plasma effects in silicon {MOSFETs} for {THz}-wave detection},
	journal = {Solid-State Electronics},
	year = {2017, doi: 10.1016/j.sse.2016.10.030},
	volume = 128,
	pages = {129-134}
}
@Article{Ringhofer2002,
	author = {Christian Ringhofer},
	title = {{Numerical methods for the semiconductor Boltzmann equation based on spherical harmonics expansions and entropy discretizations}},
	journal = {Transport Theory and Statistical Physics},
	year = {2002, doi: 10.1081/TT-120015508},
	volume = 31,
	pages = {431-452}
}
@Article{Di2016,
	author = {Shaoyan Di and Kai Zhao and Tiao Lu and Gang Du and Xiaoyan Liu},
	title = {{Investigation of transient responses of nanoscale transistors by deterministic solution of the time-dependent BTE}},
	journal = {Journal of Computational Electronics},
	year = {2016, doi: 10.1007/s10825-016-0818-1},
	volume = 15,
	number = 3,
	pages = {770-777},
	month = {September}
}
@Article{Koseki2016,
	author = {Y. Koseki and V. Rhzhii and T. Otsuji and V. V. Popov and A. Satou},
	title = {{Giant plasmon instability in a dual-grating-gate graphene field-effect transistor}},
	journal = {Physical Review B},
	year = {2016, doi: 10.1103/PhysRevB.93.245408},
	volume = 93,
	pages = 245408,
	number = 24,
	month = {June}
}
@Article{Kamrani2017a,
	author = {Hamed Kamrani and Dominic Jabs and Vincenzo d'Alessandro and Niccol\`o Rinaldi and Thomas Jacquet and Cristell Manuex and Thomas Zimmer and Klaus Aufinger and Christoph Jungemann},
	title = {{Microscopic hot-carrier degradation modeling of SiGe HBTs under stress conditions close to the SOA limit}},
	journal = {IEEE Transactions on Electron Devices},
	year = {2017, doi: 10.1109/TED.2017.2653197},
	volume = 64,
	number = 3,
	pages = {923-929},
	month = {March}
}
@Article{Kamrani2017,
	author = {Hamed Kamrani and Dominic Jabs and Vincenzo d'Alessandro and Nicc\`ol Rinaldi and Klaus Aufinger and Christoph Jungemann},
	title = {{A deterministic and self-consistent solver for the coupled carrier-phonon system in SiGe HBTs}},
	journal = {IEEE Transactions on Electron Devices},
	year = {2017, doi: 10.1109/TED.2016.2640343},
	volume = 64,
	number = 2,
	pages = {361-367},
	month = {February}
}
@Article{Ramonas2013,
	author = {},
	title = {},
	journal = {},
	year = {}
}
@Article{Rupp2016,
	author = {K. Rupp and C. Jungemann and S.-M. Hong and M. Bina and T. Grasser and A. J\"ungel},
	title = {{A review of recent advances in the spherical harmonics expansion method for semiconductor device simulation}},
	journal = {Journal of Computational Electronics},
	year = {2016, doi: 10.1007/s10825-016-0828-z},
	volume = 15,
	number = 3,
	pages = {939-958},
	month = {September}
}
@Article{Bina2014,
	author = {Markus Bina and Stanislav Tyaginov and Jacopo Franco and Karl Rupp and Yannick Wimmer and Dmitry Osintsev and Ben Kaczer and Tibor Grasser  },
	title = {{Predictive hot-carrier modeling of n-channel MOSFETs}},
	journal = {IEEE Transactions on Electron Devices},
	year = {2014, doi: 10.1109/TED.2014.2340575},
	volume = 61,
	number = 9,
	pages = {3103-3110},
	month = {September}
}
@Article{Ruic2015,
	author = {Dino Rui\'c and Christoph Jungemann},
	title = {{Numerical aspects of noise simulation in MOSFETs by a Langevin–-Boltzmann solver}},
	journal = {Journal of Computational Electronics},
	year = {2015, doi: 10.1007/s10825-014-0642-4},
	volume = 14,
	number = 1,
	pages = {21-36},
	month = {March}
}
@Article{Hong2009,
	author = {S.-M. Hong and C. Jungemann},
	title = {{A fully coupled scheme for a Boltzmann-Poisson equation solver based on a spherical harmonics expansion}},
	journal = {Journal of Computational Electronics},
	year = {2009, doi: 10.1007/s10825-009-0294-y},
	volume = 8,
	pages = {225-241},
	month = {October}
}
@Article{Jin2008,
	author = {Seonghoon Jin and Massimo V. Fischetti and {T.-w.} Tang},
	title = {{Theoretical study of carrier transport in silicon nanowire transistors based on the multisubband Boltzmann transport equation}},
	journal = {IEEE Transactions on Electron Devices },
	year = {2008, doi: 10.1109/TED.2008.2005172},
	volume = 55,
	number = 11,
	pages = {2886-2897},
	month = {November}
}
@Article{Jungemann2006,
	author = {C. Jungemann and A. T. Pham and B. Meinerzhagen and C. Ringhofer and M. Bollh\"ofer},
	title = {{Stable discretization of the Boltzmann equation based on spherical harmonics, box integration, and a maximum entropy dissipation principle}},
	journal = {Journal of Applied Physics},
	year = {2006, doi: 10.1063/1.2212207},
	volume = 100,
	number = 2,
	pages = 024502,
	month = {July}
}
@Article{Hennacy1995,
	author = {K. A. Hennacy and Y.-J. Yu and N. Goldsman and I. D. Mayergoyz},
	title = {{Deterministic MOSFET simulation using a generalized spherical harmonic expansion of the Boltzmann equation}},
	journal = {Solid-State Electronics},
	year = {1995, doi: 10.1016/0038-1101(94)00280-S},
	volume = 38,
	number = 8,
	pages = {1485-1495},
	month = {August}
}
@Article{Gnudi1993,
	author = {A. Gnudi and D. Ventura and G. Baccarani and F. Odeh},
	title = {{Two-dimensional MOSFET simulation by means of a multidimensional spherical harmonics expansion of the Boltzmann transport equation}},
	journal = {Solid-State Electronics},
	year = {1993, doi: 10.1016/0038-1101(93)90269-V},
	volume = 36,
	number = 4,
	pages = {575-581},
	month = {April}
}
@InProceedings{Jan2012,
	author = {C. H. Jan and U. Bhattacharya and R. Brain and S. J. Choi and G. Curello and G. Gupta and W. Hafez and M. Jang and M. Kang and K. Komeyli and T. Leo and N. Nidhi and L. Pan and J. Park and K. Phoa and A. Rahman and C. Staus and H. Tashiro and C. Tsai and P. Vandervoorn and L. Yang and J. Y. Yeh and P. Bai},
	booktitle = {Electron Devices Meeting (IEDM), 2012 IEEE International},
	title = {{A 22nm SoC platform technology featuring 3-D tri-gate and high-k/metal gate, optimized for ultra low power, high performance and high density SoC applications}},
	year = 2012,
	pages = {3.1.1-3.1.4, doi: 10.1109/IEDM.2012.6478969},
	month = {Dec}
}
@InProceedings{Natarajan2014,
	author = {S. Natarajan and M. Agostinelli and S. Akbar and M. Bost and A. Bowonder and V. Chikarmane and S. Chouksey and A. Dasgupta and K. Fischer and Q. Fu and T. Ghani and M. Giles and S. Govindaraju and R. Grover and W. Han and D. Hanken and E. Haralson and M. Haran and M. Heckscher and R. Heussner and P. Jain and R. James and R. Jhaveri and I. Jin and H. Kam and E. Karl and C. Kenyon and M. Liu and Y. Luo and R. Mehandru and S. Morarka and L. Neiberg and P. Packan and A. Paliwal and C. Parker and P. Patel and R. Patel and C. Pelto and L. Pipes and P. Plekhanov and M. Prince and S. Rajamani and J. Sandford and B. Sell and S. Sivakumar and P. Smith and B. Song and K. Tone and T. Troeger and J. Wiedemer and M. Yang and K. Zhang},
	booktitle = {2014 IEEE International Electron Devices Meeting},
	title = {{A 14nm logic technology featuring $2^{nd}$-generation FinFET, air-gapped interconnects, self-aligned double patterning and a $0.0588 \mu m^2$ SRAM cell size}},
	year = 2014,
	pages = {3.7.1-3.7.3, doi: 10.1109/IEDM.2014.7046976},
	month = {Dec}
}
@InProceedings{Wu2013,
	author = {S. Y. Wu and C. Y. Lin and M. C. Chiang and J. J. Liaw and J. Y. Cheng and S. H. Yang and M. Liang and T. Miyashita and C. H. Tsai and B. C. Hsu and H. Y. Chen and T. Yamamoto and S. Y. Chang and V. S. Chang and C. H. Chang and J. H. Chen and H. F. Chen and K. C. Ting and Y. K. Wu and K. H. Pan and R. F. Tsui and C. H. Yao and P. R. Chang and H. M. Lien and T. L. Lee and H. M. Lee and W. Chang and T. Chang and R. Chen and M. Yeh and C. C. Chen and Y. H. Chiu and Y. H. Chen and H. C. Huang and Y. C. Lu and C. W. Chang and M. H. Tsai and C. C. Liu and K. S. Chen and C. C. Kuo and H. T. Lin and S. M. Jang and Y. Ku},
	booktitle = {2013 IEEE International Electron Devices Meeting},
	title = {{A 16nm FinFET CMOS technology for mobile SoC and computing applications}},
	year = 2013,
	pages = {9.1.1-9.1.4, doi: 10.1109/IEDM.2013.6724591},
	month = {Dec}
}
@Article{Rurali2010,
	title = {{\textit{Colloquium}  : Structural, electronic, and transport properties of silicon nanowires}},
	author = {Rurali, Riccardo},
	journal = {Rev. Mod. Phys.},
	volume = 82,
	issue = 1,
	pages = {427--449},
	year = {2010, doi: 10.1103/RevModPhys.82.427},
	month = {Feb}
}
@InProceedings{Bangsaruntip2013,
	author = {S. Bangsaruntip and K. Balakrishnan and S. L. Cheng and J. Chang and M. Brink and I. Lauer and R. L. Bruce and S. U. Engelmann and A. Pyzyna and G. M. Cohen and L. M. Gignac and C. M. Breslin and J. S. Newbury and D. P. Klaus and A. Majumdar and J. W. Sleight and M. A. Guillorn},
	booktitle = {2013 IEEE International Electron Devices Meeting},
	title = {{Density scaling with gate-all-around silicon nanowire MOSFETs for the 10 nm node and beyond}},
	year = 2013,
	pages = {20.2.1-20.2.4, doi: 10.1109/IEDM.2013.6724667},
	month = {Dec}
}
@Article{Sallese2005,
	title = {{A design oriented charge-based current model for symmetric DG MOSFET and its correlation with the EKV formalism}},
	journal = {Solid-State Electronics },
	volume = 49,
	number = 3,
	pages = {485--489},
	year = {2005, doi: 10.1016/j.sse.2004.11.013},
	author = {Jean-Michel Sallese and FranÃ§ois Krummenacher and Fabien PrÃ©galdiny and Christophe Lallement and A. Roy and C. Enz}
}
@Article{Ernst2007,
	author = {T. Ernst and R. Ritzenthaler and O. Faynot and S. Cristoloveanu},
	journal = {IEEE Transactions on Electron Devices},
	title = {{A model of fringing fields in short-channel planar and triple-gate SOI MOSFETs}},
	year = {2007, doi: 10.1109/TED.2007.895241},
	volume = 54,
	number = 6,
	pages = {1366-1375},
	month = {June}
}
@Article{Numata2013,
	author = {T. Numata and S. Uno and J. Hattori and G. Mil'nikov and Y. Kamakura and N. Mori and K. Nakazato},
	journal = {IEEE Transactions on Electron Devices},
	title = {{A self-consistent compact model of ballistic nanowire MOSFET With rectangular cross section}},
	year = {2013, doi: 10.1109/TED.2012.2232928},
	volume = 60,
	number = 2,
	pages = {856-862},
	month = {Feb}
}
@Article{Iniguez2006,
	author = {B. Iniguez and T. A. Fjeldly and A. Lazaro and F. Danneville and M. J. Deen},
	journal = {IEEE Transactions on Electron Devices},
	title = {{Compact-modeling solutions for nanoscale double-gate and gate-all-around MOSFETs}},
	year = {2006, doi: 10.1109/TED.2006.881007},
	volume = 53,
	number = 9,
	pages = {2128-2142},
	month = {Sept}
}
@Article{Song2009,
	author = {J. Song and B. Yu and Y. Yuan and Y. Taur},
	journal = {IEEE Transactions on Circuits and Systems I: Regular Papers},
	title = {{A review on compact modeling of multiple-gate MOSFETs}},
	year = {2009, doi: 10.1109/TCSI.2009.2028416},
	volume = 56,
	number = 8,
	pages = {1858-1869},
	month = {Aug}
}
@Article{Yu2008,
	author = {B. Yu and J. Song and Y. Yuan and W. Y. Lu and Y. Taur},
	journal = {IEEE Transactions on Electron Devices},
	title = {{A unified analytic drain-current model for multiple-gate MOSFETs}},
	year = {2008, doi: 10.1109/TED.2008.926228},
	volume = 55,
	number = 8,
	pages = {2157-2163},
	month = {Aug}
}
@Article{Chevillon2012,
	author = {N. Chevillon and J. M. Sallese and C. Lallement and F. PrÃ©galdiny and M. Madec and J. Sedlmeir and J. Aghassi},
	journal = {IEEE Transactions on Electron Devices},
	title = {{Generalization of the concept of equivalent thickness and capacitance to multigate MOSFETs modeling}},
	year = {2012, doi: 10.1109/TED.2011.2171347},
	volume = 59,
	number = 1,
	pages = {60-71},
	month = {Jan}
}
@Article{Duarte2013,
	author = {J. P. Duarte and S. J. Choi and D. I. Moon and J. H. Ahn and J. Y. Kim and S. Kim and Y. K. Choi},
	journal = {IEEE Transactions on Electron Devices},
	title = {{A universal core model for multiple-gate field-effect transistors. Part I: Charge model}},
	year = {2013, doi: 10.1109/TED.2012.2233478},
	volume = 60,
	number = 2,
	pages = {840-847},
	month = {Feb}
}
@InProceedings{Khandelwal2015,
	author = {S. Khandelwal and J. P. Duarte and A. Medury and Y. S. Chauhan and C. Hu},
	booktitle = {VLSI Technology, 2015 Symposium on},
	title = {{New industry standard FinFET compact model for future technology nodes}},
	year = 2015,
	pages = {T62-T63, doi: 10.1109/VLSIT.2015.7223704},
	month = {June}
}
@Article{He2014,
	author = {L. He and T. K. Chiang and J. J. Liou and W. Zheng and Z. Liu},
	journal = {IEEE Transactions on Electron Devices},
	title = {{A New Analytical Subthreshold Potential/Current Model for Quadruple-Gate Junctionless MOSFETs}},
	year = {2014, doi: 10.1109/TED.2014.2318325},
	volume = 61,
	number = 6,
	pages = {1972-1978},
	month = {June}
}
@Article{Pao1966,
	title = {{Effects of diffusion current on characteristics of metal-oxide (insulator)-semiconductor transistors}},
	journal = {Solid-State Electronics},
	volume = 9,
	number = 10,
	pages = {927 - 937},
	year = 1966,
	doi = {10.1016/0038-1101(66)90068-2},
	author = {H.C. Pao and C.T. Sah}
}
@Book{Liseikin2009,
	title = {{Grid generation methods}},
	author = {Liseikin, Vladimir D},
	year = 2009,
	doi = {10.1007/978-90-481-2912-6},
	publisher = {Springer-Verlag}
}
@Book{Hong2011,
	title = {{Deterministic solvers for the Boltzmann transport equation}},
	author = {Hong, Sung-Min and Pham, Anh-Tuan and Jungemann, Christoph},
	year = {2011, doi: 10.1007/978-3-7091-0778-2},
	doi = {10.1007/978-3-7091-0778-2},
	publisher = {Springer-Verlag}
}
@Article{Hong2015,
	author = {S.-M. Hong and J.-H. Jang},
	journal = {IEEE Transactions on Electron Devices},
	title = {{Numerical simulation of plasma oscillation in 2-D electron gas using a periodic steady-state solver}},
	year = {2015, 10.1109/TED.2015.2489220},
	volume = 62,
	number = 12,
	pages = {4192-4198},
	doi = {10.1109/TED.2015.2489220},
	month = {Dec}
}
